<record><leader>00000cas a2200000 a 4500</leader><controlfield tag="001">31415305</controlfield><controlfield tag="007">hd bfu---baat</controlfield><controlfield tag="007">hd afu---bact</controlfield><controlfield tag="008">941107d189u1902nbuwr nea     0    0eng c</controlfield><datafield ind1=" " ind2=" " tag="010"><subfield code="a">sn 94056594 </subfield></datafield><datafield ind1=" " ind2=" " tag="040"><subfield code="a">NVG</subfield><subfield code="b">eng</subfield><subfield code="c">NVG</subfield><subfield code="d">OCLCQ</subfield><subfield code="d">OCLCF</subfield><subfield code="d">OCLCO</subfield></datafield><datafield ind1="1" ind2=" " tag="029"><subfield code="a">AU@</subfield><subfield code="b">000011358039</subfield></datafield><datafield ind1=" " ind2=" " tag="042"><subfield code="a">pcc</subfield></datafield><datafield ind1=" " ind2=" " tag="043"><subfield code="a">n-us-nb</subfield></datafield><datafield ind1="0" ind2="0" tag="245"><subfield code="a">Beaver City times</subfield><subfield code="h">[microform].</subfield></datafield><datafield ind1="3" ind2="0" tag="246"><subfield code="a">Times-revenue</subfield></datafield><datafield ind1=" " ind2=" " tag="260"><subfield code="a">Beaver City, Neb. :</subfield><subfield code="b">Times Pub. Co.,</subfield><subfield code="c">-1902.</subfield></datafield><datafield ind1=" " ind2=" " tag="300"><subfield code="a">v.</subfield></datafield><datafield ind1=" " ind2=" " tag="310"><subfield code="a">Weekly</subfield></datafield><datafield ind1="0" ind2=" " tag="362"><subfield code="a">-v. 28, no. 3 (Jan. 10, 1902).</subfield></datafield><datafield ind1=" " ind2=" " tag="500"><subfield code="a">Published as: Times-revenue, Nov. 15, 1895-May 15, 1896.</subfield></datafield><datafield ind1=" " ind2=" " tag="580"><subfield code="a">Merged with: Beaver Valley tribune, to form: Beaver City times-tribune.</subfield></datafield><datafield ind1=" " ind2=" " tag="588"><subfield code="a">Description based on: Vol. 20, no. 1 (Jan. 11, 1894).</subfield></datafield><datafield ind1=" " ind2=" " tag="533"><subfield code="a">Microfilm.</subfield><subfield code="m">Jan. 11,1894-Jan. 10,1902:[Gaps]</subfield><subfield code="b">Lincoln, Neb. :</subfield><subfield code="c">Nebraska State Historical Society.</subfield><subfield code="e">2 microfilm reels ; 35 mm.</subfield></datafield><datafield ind1=" " ind2="0" tag="651"><subfield code="a">Furnas County (Neb.)</subfield><subfield code="v">Newspapers.</subfield></datafield><datafield ind1=" " ind2="7" tag="655"><subfield code="a">Newspapers.</subfield><subfield code="2">fast</subfield><subfield code="0">(OCoLC)fst01423814</subfield></datafield><datafield ind1=" " ind2="7" tag="651"><subfield code="a">Nebraska</subfield><subfield code="z">Furnas County.</subfield><subfield code="2">fast</subfield><subfield code="0">(OCoLC)fst01209227</subfield></datafield><datafield ind1=" " ind2=" " tag="752"><subfield code="a">United States</subfield><subfield code="b">Nebraska</subfield><subfield code="c">Furnas</subfield><subfield code="d">Beaver City.</subfield></datafield><datafield ind1="0" ind2="0" tag="780"><subfield code="t">Beaver City weekly times</subfield><subfield code="w">(DLC)sn 94056593</subfield></datafield><datafield ind1="0" ind2="5" tag="780"><subfield code="t">Hendly hustler</subfield><subfield code="w">(DLC)sn 94056683</subfield></datafield><datafield ind1="1" ind2="7" tag="785"><subfield code="t">Beaver Valley tribune</subfield><subfield code="w">(DLC)sn 94056682</subfield></datafield><datafield ind1="1" ind2="7" tag="785"><subfield code="t">Beaver City times-tribune</subfield><subfield code="w">(DLC)sn 94056595</subfield></datafield></record>